% Encoding: UTF-8

@INPROCEEDINGS{foster1997modeling,
  author={N. Foster and D. Metaxas},
  title={Modeling the motion of a hot, turbulent gas},
  booktitle={Proceedings of the 24th annual conference on Computer graphics and interactive techniques},
  pages={181-188},
  publisher={ACM Press/Addison-Wesley Publishing Co.},
  year ={1997}
}

@inproceedings{stam1999stable,
  author={J. Stam},
  title={Stable fluids},
  booktitle={Proceedings of the 26th annual conference on Computer graphics and interactive techniques},
  pages={121-128},
  publisher={ACM Press/Addison-Wesley Publishing Co.},
  year={1999}
}

@inproceedings{fedkiw2001visual,
  author={R. Fedkiw and J. Stam and H W. Jensen},
  title={Visual simulation of smoke},
  booktitle={Proceedings of the 28th annual conference on Computer graphics and interactive techniques},
  pages={15-22},
  publisher={ACM},
  year={2001}
}

@inproceedings{enright2002animation,
  author={D. Enright and S. Marschner and R. Fedkiw},
  title={Animation and rendering of complex water surfaces},
  booktitle={ACM Transactions on Graphics (TOG)},
  volume={21},
  number={3},
  pages={736-744},
  publisher={ACM},
  year={2002}
}

@inproceedings{muller2003particle,
  author={M. M{\"u}ller and D. Charypar and M. Gross},
  title={Particle-based fluid simulation for interactive applications},
  booktitle={Proceedings of the 2003 ACM SIGGRAPH/Eurographics symposium on Computer animation},
  pages={154-159},
  publisher={Eurographics Association},
  year={2003}
}

@inproceedings{adams2007adaptively,
  author={B. Adams and M. Pauly and R. Keiser and L. J. Guibas},
  title={Adaptively sampled particle fluids},
  booktitle={ACM Transactions on Graphics (TOG)},
  volume={26},
  number={3},
  pages={48},
  publisher={ACM},
  year={2007}
}

@inproceedings{angelidis2005simulation,
  author={A. Angelidis and F. Neyret},
  title={Simulation of smoke based on vortex filament primitives},
  booktitle={Proceedings of the 2005 ACM SIGGRAPH/Eurographics symposium on Computer animation},
  pages={87-96},
  publisher={ACM},
  year={2005}
}

@inproceedings{angelidis2006controllable,
  author={A. Angelidis and F. Neyret and K. Singh and D. Nowrouzezahrai},
  title={A controllable, fast and stable basis for vortex based smoke simulation},
  booktitle={Proceedings of the 2006 ACM SIGGRAPH/Eurographics symposium on Computer animation},
  pages={25-32},
  publisher={Eurographics Association},
  year={2006}
}

@article{golas2012large,
  author={A. Golas and R. Narain and J. Sewall and P. Krajcevski and P. Dubey and M. Lin},
  title={Large-scale fluid simulation using velocity-vorticity domain decomposition},
  journal={ACM Transactions on Graphics (TOG)},
  volume={31},
  number={6},
  pages={148},
  publisher={ACM},
  year={2012}
}

@article{losasso2004simulating,
  author={F. Losasso and F. Gibou and R. Fedkiw},
  title={Simulating water and smoke with an octree data structure},
  journal={ACM Transactions on Graphics (TOG)},
  volume={23},
  number={3},
  pages={457-462},
  year={2004},
  publisher={ACM}
}

@inproceedings{dobashi2008fast,
  title={A fast simulation method using overlapping grids for interactions between smoke and rigid objects},
  author={Y. Dobashi and Y. Matsuda and T. Yamamoto and T. Nishita},
  booktitle={Computer Graphics Forum},
  volume={27},
  number={2},
  pages={477-486},
  year={2008},
  organization={Wiley Online Library}
}

@inproceedings{zhu2010creating,
  title={Creating and preserving vortical details in sph fluid},
  author={Zhu, Bo and Yang, Xubo and Fan, Ye},
  booktitle={Computer Graphics Forum},
  volume={29},
  number={7},
  pages={2207-2214},
  year={2010},
  organization={Wiley Online Library}
}

@inproceedings{yoon2009procedural,
  title={Procedural synthesis using vortex particle method for fluid simulation},
  author={Yoon, Jong-Chul and Kam, Hyeong Ryeol and Hong, Jeong-Mo and Kang, Shin Jin and Kim, Chang-Hun},
  booktitle={Computer Graphics Forum},
  volume={28},
  number={7},
  pages={1853-1859},
  year={2009},
  organization={Wiley Online Library}
}

@inproceedings{kim2008wavelet,
  title={Wavelet turbulence for fluid simulation},
  author={Kim, Theodore and Th{\"u}rey, Nils and James, Doug and Gross, Markus},
  booktitle={ACM Transactions on Graphics (TOG)},
  volume={27},
  number={3},
  pages={50},
  year={2008},
  organization={ACM}
}

@article{lentine2010novel,
  title={A novel algorithm for incompressible flow using only a coarse grid projection},
  author={Lentine, Michael and Zheng, Wen and Fedkiw, Ronald},
  journal={ACM Transactions on Graphics (TOG)},
  volume={29},
  number={4},
  pages={114},
  year={2010},
  publisher={ACM}
}

@article{treuille2006model,
  title={Model reduction for real-time fluids},
  author={Treuille, Adrien and Lewis, Andrew and Popovi{\'c}, Zoran},
  journal={ACM Transactions on Graphics (TOG)},
  volume={25},
  number={3},
  pages={826-834},
  year={2006},
  publisher={ACM}
}

@inproceedings{wicke2009modular,
  title={Modular bases for fluid dynamics},
  author={Wicke, Martin and Stanton, Matt and Treuille, Adrien},
  booktitle={ACM Transactions on Graphics (TOG)},
  volume={28},
  number={3},
  pages={39},
  year={2009},
  organization={ACM}
}

@article{candes2006near,
  title={Near-optimal signal recovery from random projections: Universal encoding strategies?},
  author={Candes, Emmanuel J and Tao, Terence},
  journal={Information Theory, IEEE Transactions on},
  volume={52},
  number={12},
  pages={5406-5425},
  year={2006},
  publisher={IEEE}
}

@article{donoho2006compressed,
  title={Compressed sensing},
  author={Donoho, David L},
  journal={Information Theory, IEEE Transactions on},
  volume={52},
  number={4},
  pages={1289--1306},
  year={2006},
  publisher={IEEE}
}

@article{candes2008introduction,
  title={An introduction to compressive sampling},
  author={Cand{\`e}s, Emmanuel J and Wakin, Michael B},
  journal={Signal Processing Magazine, IEEE},
  volume={25},
  number={2},
  pages={21--30},
  year={2008},
  publisher={IEEE}
}

@article{kroeker2009face,
  title={Face recognition breakthrough},
  author={Kroeker, Kirk L},
  journal={Communications of the ACM},
  volume={52},
  number={8},
  pages={18-19},
  year={2009},
  publisher={ACM}
}

@article{yang2010image,
  title={Image super-resolution via sparse representation},
  author={Yang, Jianchao and Wright, John and Huang, Thomas S and Ma, Yi},
  journal={Image Processing, IEEE Transactions on},
  volume={19},
  number={11},
  pages={2861--2873},
  year={2010},
  publisher={IEEE}
}

@inproceedings{yang2008image,
  title={Image super-resolution as sparse representation of raw image patches},
  author={Yang, Jianchao and Wright, John and Huang, Thomas and Ma, Yi},
  booktitle={Computer Vision and Pattern Recognition, 2008. CVPR 2008. IEEE Conference on},
  pages={1--8},
  year={2008},
  organization={IEEE}
}

@article{yang2012coupled,
  title={Coupled dictionary training for image super-resolution},
  author={Yang, Jianchao and Wang, Zhaowen and Lin, Zhe and Cohen, Scott and Huang, Thomas},
  journal={Image Processing, IEEE Transactions on},
  volume={21},
  number={8},
  pages={3467--3478},
  year={2012},
  publisher={IEEE}
}

@article{marwah2013compressive,
  title={Compressive light field photography using overcomplete dictionaries and optimized projections},
  author={Marwah, Kshitij and Wetzstein, Gordon and Bando, Yosuke and Raskar, Ramesh},
  journal={ACM Transactions on Graphics (TOG)},
  volume={32},
  number={4},
  pages={46},
  year={2013},
  publisher={ACM}
}

@article{rubinstein2010dictionaries,
  title={Dictionaries for sparse representation modeling},
  author={Rubinstein, Ron and Bruckstein, Alfred M and Elad, Michael},
  journal={Proceedings of the IEEE},
  volume={98},
  number={6},
  pages={1045--1057},
  year={2010},
  publisher={IEEE}
}

@article{mallat1993matching,
  title={Matching pursuits with time-frequency dictionaries},
  author={Mallat, St{\'e}phane G and Zhang, Zhifeng},
  journal={Signal Processing, IEEE Transactions on},
  volume={41},
  number={12},
  pages={3397--3415},
  year={1993},
  publisher={IEEE}
}

@article{chen1998atomic,
  title={Atomic decomposition by basis pursuit},
  author={Chen, Scott Shaobing and Donoho, David L and Saunders, Michael A},
  journal={SIAM journal on scientific computing},
  volume={20},
  number={1},
  pages={33--61},
  year={1998},
  publisher={SIAM}
}

@article{donoho1995noising,
  title={De-noising by soft-thresholding},
  author={Donoho, David L},
  journal={Information Theory, IEEE Transactions on},
  volume={41},
  number={3},
  pages={613--627},
  year={1995},
  publisher={IEEE}
}

@book{bridson2007fluid,
  title={Fluid simulation: SIGGRAPH 2007 course notes Video files associated with this course are available from the citation page},
  author={Bridson, Robert and M{\"u}ller-Fischer, Matthias},
  year={2007},
  publisher={ACM}
}

@article{harlow1965numerical,
  title={Numerical calculation of time-dependent viscous incompressible flow of fluid with free surface},
  author={Harlow, Francis H and Welch, J Eddie and others},
  journal={Physics of fluids},
  volume={8},
  number={12},
  pages={2182},
  year={1965}
}

@article{selle2008unconditionally,
  title={An unconditionally stable MacCormack method},
  author={Selle, Andrew and Fedkiw, Ronald and Kim, Byungmoon and Liu, Yingjie and Rossignac, Jarek},
  journal={Journal of Scientific Computing},
  volume={35},
  number={2-3},
  pages={350--371},
  year={2008},
  publisher={Springer}
}

@article{dupont2003back,
  title={Back and forth error compensation and correction methods for removing errors induced by uneven gradients of the level set function},
  author={Dupont, Todd F and Liu, Yingjie},
  journal={Journal of Computational Physics},
  volume={190},
  number={1},
  pages={311--324},
  year={2003},
  publisher={Elsevier}
}

@inproceedings{kim2005flowfixer,
  title={Flowfixer: Using bfecc for fluid simulation},
  author={Kim, ByungMoon and Liu, Yingjie and Llamas, Ignacio and Rossignac, Jarek},
  booktitle={proceedings of the First Eurographics conference on Natural Phenomena},
  pages={51--56},
  year={2005},
  organization={Eurographics Association}
}

@inproceedings{molemaker2008low,
  title={Low viscosity flow simulations for animation},
  author={Molemaker, Jeroen and Cohen, Jonathan M and Patel, Sanjit and Noh, Jonyong},
  booktitle={Proceedings of the 2008 ACM SIGGRAPH/Eurographics Symposium on Computer Animation},
  pages={9--18},
  year={2008},
  organization={Eurographics Association}
}

@inproceedings{stam2003real,
  title={Real-time fluid dynamics for games},
  author={Stam, Jos},
  booktitle={Proceedings of the game developer conference},
  volume={18},
  pages={25},
  year={2003}
}

@inproceedings{foster2001practical,
  title={Practical animation of liquids},
  author={Foster, Nick and Fedkiw, Ronald},
  booktitle={Proceedings of the 28th annual conference on Computer graphics and interactive techniques},
  pages={23--30},
  year={2001},
  organization={ACM}
}

@article{maccormack2003effect,
  title={The effect of viscosity in hypervelocity impact cratering},
  author={MacCormack, Robert},
  journal={Journal of spacecraft and rockets},
  volume={40},
  number={5},
  pages={757--763},
  year={2003}

@inproceedings{mcadams2010parallel,
  title={A parallel multigrid Poisson solver for fluids simulation on large grids},
  author={McAdams, Aleka and Sifakis, Eftychios and Teran, Joseph},
  booktitle={Proceedings of the 2010 ACM SIGGRAPH/Eurographics Symposium on Computer Animation},
  pages={65--74},
  year={2010},
  organization={Eurographics Association}
}

@inproceedings{chang2004super,
  title={Super-resolution through neighbor embedding},
  author={Chang, Hong and Yeung, Dit-Yan and Xiong, Yimin},
  booktitle={Computer Vision and Pattern Recognition, 2004. CVPR 2004. Proceedings of the 2004 IEEE Computer Society Conference on},
  volume={1},
  pages={I--I},
  year={2004},
  organization={IEEE}
}

@article{freeman2002example,
  title={Example-based super-resolution},
  author={Freeman, William T and Jones, Thouis R and Pasztor, Egon C},
  journal={Computer Graphics and Applications, IEEE},
  volume={22},
  number={2},
  pages={56--65},
  year={2002},
  publisher={IEEE}
}

@incollection{kim2008example,
  title={Example-based learning for single-image super-resolution},
  author={Kim, Kwang In and Kwon, Younghee},
  booktitle={Pattern Recognition},
  pages={456--465},
  year={2008},
  publisher={Springer}
}

@inproceedings{yang2013fast,
  title={Fast image super-resolution based on in-place example regression},
  author={Yang, Jianchao and Lin, Zhe and Cohen, Scott},
  booktitle={Computer Vision and Pattern Recognition (CVPR), 2013 IEEE Conference on},
  pages={1059--1066},
  year={2013},
  organization={IEEE}
}

@inproceedings{yang2012bilevel,
  title={Bilevel sparse coding for coupled feature spaces},
  author={Yang, Jianchao and Wang, Zhaowen and Lin, Zhe and Shu, Xianbiao and Huang, Thomas},
  booktitle={Computer Vision and Pattern Recognition (CVPR), 2012 IEEE Conference on},
  pages={2360--2367},
  year={2012},
  organization={IEEE}
}

@article{tibshirani1996regression,
  title={Regression shrinkage and selection via the lasso},
  author={Tibshirani, Robert},
  journal={Journal of the Royal Statistical Society. Series B (Methodological)},
  pages={267--288},
  year={1996},
  publisher={JSTOR}
}

@article{efron2004least,
  title={Least angle regression},
  author={Efron, Bradley and Hastie, Trevor and Johnstone, Iain and Tibshirani, Robert and others},
  journal={The Annals of statistics},
  volume={32},
  number={2},
  pages={407--499},
  year={2004},
  publisher={Institute of Mathematical Statistics}
}

@article{mairal2010online,
  title={Online learning for matrix factorization and sparse coding},
  author={Mairal, Julien and Bach, Francis and Ponce, Jean and Sapiro, Guillermo},
  journal={The Journal of Machine Learning Research},
  volume={11},
  pages={19--60},
  year={2010},
  publisher={JMLR. org}
}

@inproceedings{mairal2009online,
  title={Online dictionary learning for sparse coding},
  author={Mairal, Julien and Bach, Francis and Ponce, Jean and Sapiro, Guillermo},
  booktitle={Proceedings of the 26th Annual International Conference on Machine Learning},
  pages={689--696},
  year={2009},
  organization={ACM}
}

@inproceedings{lee2006efficient,
  title={Efficient sparse coding algorithms},
  author={Lee, Honglak and Battle, Alexis and Raina, Rajat and Ng, Andrew Y},
  booktitle={Advances in neural information processing systems},
  pages={801--808},
  year={2006}
}

@phdthesis{aharon2006overcomplete,
  title={Overcomplete dictionaries for sparse representation of signals},
  author={Aharon, Michal},
  year={2006},
  school={Technion-Israel Institute of Technology, Faculty of Computer Science}
}

@inproceedings{rao1997deriving,
  title={Deriving algorithms for computing sparse solutions to linear inverse problems},
  author={Rao, Bhaskar D and Kreutz-Delgado, Kenneth},
  booktitle={Signals, Systems \&amp; Computers, 1997. Conference Record of the Thirty-First Asilomar Conference on},
  volume={1},
  pages={955--959},
  year={1997},
  organization={IEEE}
}

@article{aharon2006svd,
  title={K-svd: An algorithm for designing overcomplete dictionaries for sparse representation},
  author={Aharon, Michal and Elad, Michael and Bruckstein, Alfred},
  journal={Signal Processing, IEEE Transactions on},
  volume={54},
  number={11},
  pages={4311--4322},
  year={2006},
  publisher={IEEE}
}

@comment{jabref-meta: selector_publisher:}

@comment{jabref-meta: selector_author:}

@comment{jabref-meta: selector_journal:}

@comment{jabref-meta: selector_keywords:}

